<?xml version="1.0" encoding="UTF-8"?><collection xmlns="http://www.loc.gov/MARC21/slim"><record><leader>00675nam--2200181-i-4500</leader><controlfield tag="001">000046571</controlfield><controlfield tag="002">20161230</controlfield><controlfield tag="005">20161230201046</controlfield><controlfield tag="008">060222s1000------------r-----000-0-eng-d</controlfield><datafield ind1=" " ind2=" " tag="040"><subfield code="a">IFIN-HH</subfield></datafield><datafield ind1=" " ind2=" " tag="080"><subfield code="a">539</subfield></datafield><datafield ind1="1" ind2=" " tag="100"><subfield code="a">Maczynski, Andrzej</subfield></datafield><datafield ind1="1" ind2="0" tag="245"><subfield code="a">Verified vapor-liquid equilibrium data. vol.4: binary systems of hydrocarbons and oxigen compounds without alcohols and acides</subfield><subfield code="c">Andrzej maczynski, zofia maczynska, teresa treszczanowicz, krystyna dunajska</subfield></datafield><datafield ind1=" " ind2=" " tag="260"><subfield code="a">Warszawa</subfield><subfield code="b">Panstwowe Wydawnictwo Naukowe</subfield><subfield code="c">1979</subfield></datafield><datafield ind1=" " ind2=" " tag="490"><subfield code="a">Thermodynamical Data For Technology Series A</subfield></datafield><datafield ind1="1" ind2=" " tag="700"><subfield code="a">Dunajska, Krystyna</subfield></datafield><datafield ind1=" " ind2=" " tag="852"><subfield code="a">45880</subfield><subfield code="c">53.081</subfield></datafield><datafield ind1=" " ind2=" " tag="CAT"><subfield code="a">Sys</subfield><subfield code="c">20160330</subfield><subfield code="h">160153</subfield></datafield></record></collection>